<record><leader>00000cas a22000007a 4500</leader><controlfield tag="001">25959628</controlfield><controlfield tag="008">920605d19011911ncuwr ne      0    0eng d</controlfield><datafield ind1=" " ind2=" " tag="010"><subfield code="a">sn 92073056 </subfield></datafield><datafield ind1=" " ind2=" " tag="040"><subfield code="a">NVJ</subfield><subfield code="b">eng</subfield><subfield code="c">NVJ</subfield><subfield code="d">OCLCQ</subfield></datafield><datafield ind1=" " ind2=" " tag="042"><subfield code="a">msc</subfield></datafield><datafield ind1="0" ind2=" " tag="130"><subfield code="a">Oxford public ledger (Oxford, N.C. : 1901)</subfield></datafield><datafield ind1="1" ind2="0" tag="245"><subfield code="a">Oxford public ledger.</subfield></datafield><datafield ind1=" " ind2=" " tag="260"><subfield code="a">Oxford, N.C. :</subfield><subfield code="b">John T. Britt</subfield></datafield><datafield ind1=" " ind2=" " tag="300"><subfield code="a">v.</subfield></datafield><datafield ind1=" " ind2=" " tag="310"><subfield code="a">Weekly</subfield></datafield><datafield ind1="0" ind2=" " tag="362"><subfield code="a">Vol. 14, no. 1 (Feb. 7, 1901)-v. 25, no. 12 (Dec. 22, 1911).</subfield></datafield><datafield ind1=" " ind2=" " tag="752"><subfield code="a">United States</subfield><subfield code="b">North Carolina</subfield><subfield code="c">Granville</subfield><subfield code="d">Oxford.</subfield></datafield><datafield ind1="0" ind2="0" tag="780"><subfield code="t">Public ledger (Oxford, N.C. : 1889)</subfield><subfield code="w">(DLC)sn 92073057</subfield></datafield><datafield ind1="0" ind2="7" tag="785"><subfield code="t">Oxford banner</subfield><subfield code="w">(DLC)sn 92073073</subfield></datafield><datafield ind1="0" ind2="7" tag="785"><subfield code="t">Public ledger and Oxford banner</subfield><subfield code="w">(DLC)sn 92073074</subfield></datafield></record>